<record><leader>00000cas a22000007a 4500</leader><controlfield tag="001">23443270</controlfield><controlfield tag="008">910409d1873187unhuwr ne      0    0eng d</controlfield><datafield ind1=" " ind2=" " tag="010"><subfield code="a">sn 91063039 </subfield></datafield><datafield ind1=" " ind2=" " tag="040"><subfield code="a">NVH</subfield><subfield code="b">eng</subfield><subfield code="c">NVH</subfield><subfield code="d">MGN</subfield><subfield code="d">OCLCQ</subfield></datafield><datafield ind1="0" ind2="0" tag="245"><subfield code="a">Pittsfield, Suncook &amp; Fisherville weekly star.</subfield></datafield><datafield ind1="3" ind2="0" tag="246"><subfield code="a">Pittsfield, Suncook and Fisherville weekly star</subfield></datafield><datafield ind1="1" ind2="3" tag="246"><subfield code="a">Weekly star</subfield></datafield><datafield ind1=" " ind2=" " tag="260"><subfield code="a">Pittsfield, N.H. :</subfield><subfield code="b">John C. Cashman</subfield></datafield><datafield ind1=" " ind2=" " tag="300"><subfield code="a">v.</subfield></datafield><datafield ind1=" " ind2=" " tag="310"><subfield code="a">Weekly</subfield></datafield><datafield ind1="1" ind2=" " tag="362"><subfield code="a">Began in 1873?</subfield></datafield><datafield ind1=" " ind2=" " tag="588"><subfield code="a">Description based on: Vol. 1, no. 3 (Feb. 22, 1873).</subfield></datafield><datafield ind1=" " ind2=" " tag="752"><subfield code="a">United States</subfield><subfield code="b">New Hampshire</subfield><subfield code="c">Merrimack</subfield><subfield code="d">Pittsfield.</subfield></datafield><datafield ind1="0" ind2="0" tag="785"><subfield code="t">Weekly star (Pittsfield, N.H.)</subfield><subfield code="w">(DLC)sn 91063040</subfield></datafield></record>